<record><leader>00000cas a2200000 a 4500</leader><controlfield tag="001">26884981</controlfield><controlfield tag="008">921029d191u19uuiluwr ne      0    0eng c</controlfield><datafield ind1=" " ind2=" " tag="010"><subfield code="a">sn 92054650 </subfield></datafield><datafield ind1=" " ind2=" " tag="040"><subfield code="a">NVF</subfield><subfield code="b">eng</subfield><subfield code="c">NVF</subfield><subfield code="d">NVF</subfield><subfield code="d">OCLCQ</subfield><subfield code="d">OCLCF</subfield><subfield code="d">OCLCO</subfield></datafield><datafield ind1="1" ind2=" " tag="029"><subfield code="a">AU@</subfield><subfield code="b">000020106902</subfield></datafield><datafield ind1=" " ind2=" " tag="042"><subfield code="a">pcc</subfield></datafield><datafield ind1=" " ind2=" " tag="043"><subfield code="a">n-us-il</subfield></datafield><datafield ind1="0" ind2=" " tag="130"><subfield code="a">Weekly independent (Murphysboro, Ill.)</subfield></datafield><datafield ind1="1" ind2="0" tag="245"><subfield code="a">Weekly independent.</subfield></datafield><datafield ind1=" " ind2=" " tag="260"><subfield code="a">Murphysboro, Jackson County, Ill. :</subfield><subfield code="b">Fred M. Rolens</subfield></datafield><datafield ind1=" " ind2=" " tag="300"><subfield code="a">v.</subfield></datafield><datafield ind1=" " ind2=" " tag="310"><subfield code="a">Weekly</subfield></datafield><datafield ind1=" " ind2=" " tag="500"><subfield code="a">"Official County paper."</subfield></datafield><datafield ind1=" " ind2=" " tag="580"><subfield code="a">Daily ed.: Daily independent (Murphysboro, Ill.), &lt;1915&gt;.</subfield></datafield><datafield ind1=" " ind2=" " tag="588"><subfield code="a">Description based on: No. 3110 (Jan. 1, 1915).</subfield></datafield><datafield ind1=" " ind2=" " tag="588"><subfield code="a">Latest issue consulted: (Dec. 24, 1915).</subfield></datafield><datafield ind1=" " ind2="0" tag="651"><subfield code="a">Murphysboro (Ill.)</subfield><subfield code="v">Newspapers.</subfield></datafield><datafield ind1=" " ind2="0" tag="651"><subfield code="a">Jackson County (Ill.)</subfield><subfield code="v">Newspapers.</subfield></datafield><datafield ind1=" " ind2="7" tag="655"><subfield code="a">Newspapers.</subfield><subfield code="2">fast</subfield><subfield code="0">(OCoLC)fst01423814</subfield></datafield><datafield ind1=" " ind2="7" tag="651"><subfield code="a">Illinois</subfield><subfield code="z">Jackson County.</subfield><subfield code="2">fast</subfield><subfield code="0">(OCoLC)fst01207037</subfield></datafield><datafield ind1=" " ind2="7" tag="651"><subfield code="a">Illinois</subfield><subfield code="z">Murphysboro.</subfield><subfield code="2">fast</subfield><subfield code="0">(OCoLC)fst01207038</subfield></datafield><datafield ind1=" " ind2=" " tag="752"><subfield code="a">United States</subfield><subfield code="b">Illinois</subfield><subfield code="c">Jackson</subfield><subfield code="d">Murphysboro.</subfield></datafield><datafield ind1="1" ind2=" " tag="775"><subfield code="t">Daily independent (Murphysboro, Ill.)</subfield><subfield code="w">(DLC)sn 82014967</subfield><subfield code="w">(OCoLC)8807547</subfield></datafield><datafield ind1="0" ind2="0" tag="780"><subfield code="t">Murphysboro independent</subfield><subfield code="w">(DLC)sn 92054649</subfield><subfield code="w">(OCoLC)26884815</subfield></datafield></record>